@article{bar2001fast,
  title={Fast optimal leaf ordering for hierarchical clustering},
  author={Bar-Joseph, Ziv and Gifford, David K and Jaakkola, Tommi S},
  journal={Bioinformatics},
  volume={17},
  number={suppl\_1},
  pages={S22--S29},
  year={2001},
  publisher={Oxford University Press},
  url = {https://watermark.silverchair.com/17S022.pdf}
}

@online{wilcoxon_table,
  title={Table of critical values for the Wilcoxon test},
  author={Unbekannt},
  organization = {University of Sussex},
  url = {http://users.sussex.ac.uk/~grahamh/RM1web/WilcoxonTable2005.pdf}
}